
    <zs:record>
      <zs:recordSchema/>
      <zs:recordPacking>xml</zs:recordPacking>
      <zs:recordData>
        <record xmlns="http://www.loc.gov/MARC21/slim">
          <leader>01042cam a2200277   4500</leader>
          <controlfield tag="001">284955</controlfield>
          <controlfield tag="005">19990122103912.2</controlfield>
          <controlfield tag="008">680301s1967    nyu      b    000 0 eng  </controlfield>
          <datafield tag="035" ind1=" " ind2=" ">
            <subfield code="9">(DLC)   68000498</subfield>
          </datafield>
          <datafield tag="906" ind1=" " ind2=" ">
            <subfield code="a">7</subfield>
            <subfield code="b">cbc</subfield>
            <subfield code="c">orignew</subfield>
            <subfield code="d">u</subfield>
            <subfield code="e">ncip</subfield>
            <subfield code="f">19</subfield>
            <subfield code="g">y-gencatlg</subfield>
          </datafield>
          <datafield tag="010" ind1=" " ind2=" ">
            <subfield code="a">   68000498 </subfield>
          </datafield>
          <datafield tag="040" ind1=" " ind2=" ">
            <subfield code="a">DLC</subfield>
            <subfield code="c">DLC</subfield>
            <subfield code="d">DLC</subfield>
          </datafield>
          <datafield tag="050" ind1="0" ind2="0">
            <subfield code="a">PR2360.F63</subfield>
            <subfield code="b">W4 1967</subfield>
          </datafield>
          <datafield tag="082" ind1="0" ind2="0">
            <subfield code="a">821/.3</subfield>
          </datafield>
          <datafield tag="100" ind1="1" ind2=" ">
            <subfield code="a">Welsford, Enid.</subfield>
          </datafield>
          <datafield tag="245" ind1="0" ind2="0">
            <subfield code="a">Spenser: Fowre hymnes [and] Epithalamion;</subfield>
            <subfield code="b">a study of Edmund Spenser's doctrine of love.</subfield>
          </datafield>
          <datafield tag="260" ind1=" " ind2=" ">
            <subfield code="a">New York,</subfield>
            <subfield code="b">Barnes &amp; Noble</subfield>
            <subfield code="c">[1967]</subfield>
          </datafield>
          <datafield tag="300" ind1=" " ind2=" ">
            <subfield code="a">ix, 215 p.</subfield>
            <subfield code="c">23 cm.</subfield>
          </datafield>
          <datafield tag="504" ind1=" " ind2=" ">
            <subfield code="a">Includes texts of Fowre hymnes (p. 92-127) and Epithalamion (p. 128-139)</subfield>
          </datafield>
          <datafield tag="504" ind1=" " ind2=" ">
            <subfield code="a">Bibliography: p. 207-210.</subfield>
          </datafield>
          <datafield tag="600" ind1="1" ind2="0">
            <subfield code="a">Spenser, Edmund,</subfield>
            <subfield code="d">1552?-1599.</subfield>
            <subfield code="t">Fowre hymnes.</subfield>
          </datafield>
          <datafield tag="600" ind1="1" ind2="0">
            <subfield code="a">Spenser, Edmund,</subfield>
            <subfield code="d">1552?-1599.</subfield>
            <subfield code="t">Epithalamion.</subfield>
          </datafield>
          <datafield tag="650" ind1=" " ind2="0">
            <subfield code="a">Love in literature.</subfield>
          </datafield>
          <datafield tag="700" ind1="1" ind2="2">
            <subfield code="a">Spenser, Edmund,</subfield>
            <subfield code="d">1552?-1599.</subfield>
            <subfield code="t">Fowre hymnes. 1967.</subfield>
          </datafield>
          <datafield tag="700" ind1="1" ind2="2">
            <subfield code="a">Spenser, Edmund,</subfield>
            <subfield code="d">1552?-1599.</subfield>
            <subfield code="t">Epithalamion. 1967.</subfield>
          </datafield>
          <datafield tag="991" ind1=" " ind2=" ">
            <subfield code="b">c-GenColl</subfield>
            <subfield code="h">PR2360.F63</subfield>
            <subfield code="i">W4 1967</subfield>
            <subfield code="t">Copy 1</subfield>
            <subfield code="w">BOOKS</subfield>
          </datafield>
        </record>
      </zs:recordData>
      <zs:recordPosition>9</zs:recordPosition>
    </zs:record>